
@inproceedings{peker2012heh,
  title = {Hardware Emulation of {{HOG}} and {{AMDF}} Based Scale and Rotation Invariant Robust Shape Detection},
  isbn = {978-1-4673-4810-2 978-1-4673-4808-9 978-1-4673-4809-6},
  url = {http://ieeexplore.ieee.org/document/6396145/},
  doi = {10.1109/ICEngTechnol.2012.6396145},
  timestamp = {2017-07-28T09:54:06Z},
  booktitle = {2012 {{International Conference}} on {{Engineering}} and {{Technology}} ({{ICET}})},
  author = {Peker, Murat and Altun, Halis and Karakaya, Fuat},
  urldate = {2017-07-24},
  date = {2012-10},
  pages = {1--5},
  file = {Peker et al. - 2012 - Hardware emulation of HOG and AMDF based scale and.pdf:files/91/Peker et al. - 2012 - Hardware emulation of HOG and AMDF based scale and.pdf:application/pdf}
}

@inproceedings{takagi2013sdh,
  title = {A Sub-100-Milliwatt Dual-Core {{HOG}} Accelerator {{VLSI}} for Real-Time Multiple Object Detection},
  isbn = {978-1-4799-0356-6},
  url = {http://ieeexplore.ieee.org/document/6638112/},
  doi = {10.1109/ICASSP.2013.6638112},
  timestamp = {2017-07-28T09:54:52Z},
  booktitle = {2013 {{IEEE International Conference}} on {{Acoustics}}, {{Speech}} and {{Signal Processing}}},
  author = {Takagi, Kenta and Mizuno, Kosuke and Izumi, Shintaro and Kawaguchi, Hiroshi and Yoshimoto, Masahiko},
  urldate = {2017-07-24},
  date = {2013-05},
  pages = {2533--2537},
  file = {Takagi et al. - 2013 - A sub-100-milliwatt dual-core HOG accelerator VLSI.pdf:files/99/Takagi et al. - 2013 - A sub-100-milliwatt dual-core HOG accelerator VLSI.pdf:application/pdf}
}

@inproceedings{benenson2012pd1,
  title = {Pedestrian Detection at 100 Frames per Second},
  isbn = {978-1-4673-1228-8 978-1-4673-1226-4 978-1-4673-1227-1},
  url = {http://ieeexplore.ieee.org/document/6248017/},
  doi = {10.1109/CVPR.2012.6248017},
  timestamp = {2017-07-28T10:00:21Z},
  booktitle = {{{IEEE Conference}} on {{Computer Vision}} and {{Pattern Recognition}}},
  publisher = {{IEEE}},
  author = {Benenson, R. and Mathias, M. and Timofte, R. and Van Gool, L.},
  urldate = {2017-07-24},
  date = {2012-06},
  pages = {2903--2910},
  file = {Benenson et al. - 2012 - Pedestrian detection at 100 frames per second.pdf:files/96/Benenson et al. - 2012 - Pedestrian detection at 100 frames per second.pdf:application/pdf}
}

@inproceedings{negi2011dpo,
  title = {Deep Pipelined One-Chip {{FPGA}} Implementation of a Real-Time Image-Based Human Detection Algorithm},
  isbn = {978-1-4577-1740-6 978-1-4577-1741-3 978-1-4577-1739-0},
  url = {http://ieeexplore.ieee.org/document/6132679/},
  doi = {10.1109/FPT.2011.6132679},
  timestamp = {2017-07-28T09:56:29Z},
  booktitle = {2011 {{International Conference}} on {{Field}}-{{Programmable Technology}}},
  author = {Negi, Kazuhiro and Dohi, Keisuke and Shibata, Yuichiro and Oguri, Kiyoshi},
  urldate = {2017-07-24},
  date = {2011-12},
  pages = {1--8},
  file = {Negi et al. - 2011 - Deep pipelined one-chip FPGA implementation of a r.pdf:files/88/Negi et al. - 2011 - Deep pipelined one-chip FPGA implementation of a r.pdf:application/pdf}
}

@inproceedings{kelly2014hog,
  title = {Histogram of Oriented Gradients Front End Processing: {{An FPGA}} Based Processor Approach},
  isbn = {978-1-4799-6588-5},
  url = {http://ieeexplore.ieee.org/document/6986093/},
  doi = {10.1109/SiPS.2014.6986093},
  shorttitle = {Histogram of Oriented Gradients Front End Processing},
  timestamp = {2017-07-28T09:57:37Z},
  booktitle = {2014 {{IEEE Workshop}} on {{Signal Processing Systems}} ({{SiPS}})},
  publisher = {{IEEE}},
  author = {Kelly, Colm and Siddiqui, Fahad Manzoor and Bardak, Burak and Woods, Roger},
  urldate = {2017-07-24},
  date = {2014-10},
  pages = {1--6},
  file = {Kelly et al. - 2014 - Histogram of oriented gradients front end processi.pdf:files/92/Kelly et al. - 2014 - Histogram of oriented gradients front end processi.pdf:application/pdf}
}

@inproceedings{karakaya2009iha,
  title = {Implementation of {{HOG}} Algorithm for Real Time Object Recognition Applications on {{FPGA}} Based Embedded System},
  isbn = {978-1-4244-4435-9},
  url = {http://ieeexplore.ieee.org/document/5136444/},
  doi = {10.1109/SIU.2009.5136444},
  timestamp = {2017-07-28T09:58:08Z},
  booktitle = {{{IEEE}} 17th {{Signal Processing}} and {{Communications Applications Conference}}},
  author = {Karakaya, Fuat and Altun, Halis and Cavuslu, Mehmet Ali},
  urldate = {2017-07-24},
  date = {2009-04},
  pages = {508--511}
}

@article{oh2012lro,
  title = {Low-{{Power}}, {{Real}}-{{Time Object}}-{{Recognition Processors}} for {{Mobile Vision Systems}}},
  volume = {32},
  issn = {0272-1732},
  url = {http://ieeexplore.ieee.org/document/6353416/},
  doi = {10.1109/MM.2012.90},
  timestamp = {2017-07-24T08:36:10Z},
  number = {6},
  journaltitle = {IEEE Micro},
  author = {Oh, Jinwook and Kim, Gyeonghoon and Hong, Injoon and Park, Junyoung and Lee, Seungjin and Kim, Joo-Young and Woo, Jeong-Ho and Yoo, Hoi-Jun},
  urldate = {2017-07-24},
  date = {2012-11},
  pages = {38--50},
  file = {Oh et al. - 2012 - Low-Power, Real-Time Object-Recognition Processors.pdf:files/95/Oh et al. - 2012 - Low-Power, Real-Time Object-Recognition Processors.pdf:application/pdf}
}

@article{gu2013ffm,
  title = {Fast {{FPGA}}-{{Based Multiobject Feature Extraction}}},
  volume = {23},
  issn = {1051-8215, 1558-2205},
  url = {http://ieeexplore.ieee.org/document/6210371/},
  doi = {10.1109/TCSVT.2012.2202195},
  timestamp = {2017-07-24T08:38:10Z},
  number = {1},
  journaltitle = {IEEE Transactions on Circuits and Systems for Video Technology},
  author = {Gu, Qingyi and Takaki, Takeshi and Ishii, Idaku},
  urldate = {2017-07-24},
  date = {2013-01},
  pages = {30--45},
  file = {Gu et al. - 2013 - Fast FPGA-Based Multiobject Feature Extraction.pdf:files/97/Gu et al. - 2013 - Fast FPGA-Based Multiobject Feature Extraction.pdf:application/pdf}
}

@inproceedings{mizuno2012ash,
  location = {{Canada}},
  title = {Architectural {{Study}} of {{HOG Feature Extraction Processor}} for {{Real}}-{{Time Object Detection}}},
  url = {https://pdfs.semanticscholar.org/f2c3/9ff8ee36aca20915f6ce7195317b4e1a34cd.pdf},
  timestamp = {2017-08-08T09:18:02Z},
  booktitle = {2012 {{IEEE Workshop}} on {{Signal Processing Systems}}},
  author = {Mizuno, Kosuke and Terachi, Yosuke and Takagi, Kenta and Izumi, Shintaro and Kawaguchi, Hiroshi and Yoshimoto, Masahiko},
  urldate = {2017-07-24},
  date = {2012-10},
  file = {Mizuno et al. - 2012 - Architectural Study of HOG Feature Extraction Proc.pdf:files/87/Mizuno et al. - 2012 - Architectural Study of HOG Feature Extraction Proc.pdf:application/pdf}
}

@inproceedings{iandola2015leh,
  title = {{{libHOG}}: {{Energy}}-{{Efficient Histogram}} of {{Oriented Gradient Computation}}},
  isbn = {978-1-4673-6596-3},
  url = {http://ieeexplore.ieee.org/document/7313297/},
  doi = {10.1109/ITSC.2015.205},
  shorttitle = {{{libHOG}}},
  timestamp = {2017-07-28T09:58:19Z},
  booktitle = {{{IEEE}} 18th {{International Conference}} on {{Intelligent Transportation Systems}}},
  author = {Iandola, Forrest N. and Moskewicz, Matthew W. and Keutzer, Kurt},
  urldate = {2017-07-24},
  date = {2015-09},
  pages = {1248--1254},
  file = {Iandola et al. - 2015 - libHOG Energy-Efficient Histogram of Oriented Gra.pdf:files/94/Iandola et al. - 2015 - libHOG Energy-Efficient Histogram of Oriented Gra.pdf:application/pdf}
}

@inproceedings{dalal2005hog,
  title = {Histograms of {{Oriented Gradients}} for {{Human Detection}}},
  volume = {1},
  isbn = {978-0-7695-2372-9},
  url = {http://ieeexplore.ieee.org/document/1467360/},
  doi = {10.1109/CVPR.2005.177},
  timestamp = {2017-07-28T09:57:51Z},
  booktitle = {{{IEEE Computer Society Conference}} on {{Computer Vision}} and {{Pattern Recognition}} ({{CVPR}}'05)},
  author = {Dalal, N. and Triggs, B.},
  urldate = {2017-07-24},
  date = {2005},
  pages = {886--893},
  file = {Dalal and Triggs - 2005 - Histograms of Oriented Gradients for Human Detecti.pdf:files/93/Dalal and Triggs - 2005 - Histograms of Oriented Gradients for Human Detecti.pdf:application/pdf}
}

@article{pei-yinchen2014ehia,
  title = {An {{Efficient Hardware Implementation}} of {{HOG Feature Extraction}} for {{Human Detection}}},
  volume = {15},
  issn = {1524-9050, 1558-0016},
  url = {http://ieeexplore.ieee.org/document/6648678/},
  doi = {10.1109/TITS.2013.2284666},
  timestamp = {2017-08-01T10:01:46Z},
  number = {2},
  journaltitle = {IEEE Transactions on Intelligent Transportation Systems},
  author = {Pei-Yin Chen and {Chien-Chuan Huang} and {Chih-Yuan Lien} and {Yu-Hsien Tsai}},
  urldate = {2017-07-29},
  date = {2014-04},
  pages = {656--662},
  file = {Pei-Yin Chen et al. - 2014 - An Efficient Hardware Implementation of HOG Featur.pdf:files/110/Pei-Yin Chen et al. - 2014 - An Efficient Hardware Implementation of HOG Featur.pdf:application/pdf}
}

@inproceedings{hsiao2016hdh,
  title = {Hardware Design of Histograms of Oriented Gradients Based on Local Binary Pattern and Binarization},
  isbn = {978-1-5090-1570-2},
  url = {http://ieeexplore.ieee.org/document/7803995/},
  doi = {10.1109/APCCAS.2016.7803995},
  timestamp = {2017-08-03T10:22:05Z},
  booktitle = {2016 {{IEEE Asia Pacific Conference}} on {{Circuits}} and {{Systems}} ({{APCCAS}})},
  publisher = {{IEEE}},
  author = {Hsiao, Shen-Fu and Chan, Jun-Mao and Wang, Ching-Hui},
  urldate = {2017-07-29},
  date = {2016-10},
  pages = {433--435},
  file = {Hsiao et al. - 2016 - Hardware design of histograms of oriented gradient.pdf:files/90/Hsiao et al. - 2016 - Hardware design of histograms of oriented gradient.pdf:application/pdf}
}

@patent{munteanu2016mph,
  title = {A {{Method}} for Producing a Histogram of Oriented Gradients},
  url = {https://patentscope.wipo.int/search/docservicepdf_pct/id00000033608412/PAMPH/WO2016083002.pdf},
  timestamp = {2017-07-31T01:44:17Z},
  number = {Patent No. WO2016083002},
  holder = {MUNTEANU, Mihai Constantin and GEORGESCU, Vlad},
  urldate = {2017-07-31},
  date = {2016-06-02}
}

@inproceedings{bauer2010fak,
  title = {{{FPGA}}-{{GPU}} Architecture for Kernel {{SVM}} Pedestrian Detection},
  isbn = {978-1-4244-7029-7},
  url = {http://ieeexplore.ieee.org/document/5543772/},
  doi = {10.1109/CVPRW.2010.5543772},
  timestamp = {2017-08-03T10:18:40Z},
  booktitle = {2010 {{IEEE Computer Society Conference}} on {{Computer Vision}} and {{Pattern Recognition}} - {{Workshops}}},
  publisher = {{IEEE}},
  author = {Bauer, Sebastian and Kohler, Sebastian and Doll, Konrad and Brunsmann, Ulrich},
  urldate = {2017-08-03},
  date = {2010-06},
  pages = {61--68},
  file = {Bauer et al. - 2010 - FPGA-GPU architecture for kernel SVM pedestrian de.pdf:files/101/Bauer et al. - 2010 - FPGA-GPU architecture for kernel SVM pedestrian de.pdf:application/pdf}
}

@inproceedings{cao2008rvs,
  title = {Real-{{Time Vision}}-{{Based Stop Sign Detection System}} on {{FPGA}}},
  isbn = {978-0-7695-3456-5},
  url = {http://ieeexplore.ieee.org/document/4700058/},
  doi = {10.1109/DICTA.2008.37},
  timestamp = {2017-08-03T10:22:59Z},
  booktitle = {2008 {{Digital Image Computing}}: {{Techniques}} and {{Applications}}},
  publisher = {{IEEE}},
  author = {Cao, Tam Phuong and Deng, Guang},
  urldate = {2017-08-03},
  date = {2008},
  pages = {465--471},
  file = {cao2008.pdf:files/106/cao2008.pdf:application/pdf}
}

@article{suleiman2016ehi,
  title = {An {{Energy}}-{{Efficient Hardware Implementation}} of {{HOG}}-{{Based Object Detection}} at {{1080HD}} 60 Fps with {{Multi}}-{{Scale Support}}},
  volume = {84},
  issn = {1939-8018, 1939-8115},
  url = {http://link.springer.com/10.1007/s11265-015-1080-7},
  doi = {10.1007/s11265-015-1080-7},
  timestamp = {2017-08-08T08:58:47Z},
  langid = {english},
  number = {3},
  journaltitle = {Journal of Signal Processing Systems},
  author = {Suleiman, Amr and Sze, Vivienne},
  urldate = {2017-08-03},
  date = {2016-09},
  pages = {325--337},
  file = {Suleiman and Sze - 2016 - An Energy-Efficient Hardware Implementation of HOG.pdf:files/112/Suleiman and Sze - 2016 - An Energy-Efficient Hardware Implementation of HOG.pdf:application/pdf}
}

@inproceedings{kadota2009hah,
  title = {Hardware {{Architecture}} for {{HOG Feature Extraction}}},
  isbn = {978-1-4244-4717-6},
  url = {http://ieeexplore.ieee.org/document/5337209/},
  doi = {10.1109/IIH-MSP.2009.216},
  timestamp = {2017-08-09T07:53:38Z},
  publisher = {{IEEE}},
  author = {Kadota, Ryo and Sugano, Hiroki and Hiromoto, Masayuki and Ochi, Hiroyuki and Miyamoto, Ryusuke and Nakamura, Yukihiro},
  urldate = {2017-08-09},
  date = {2009-09},
  pages = {1330--1333},
  file = {kadota2009.pdf:files/115/kadota2009.pdf:application/pdf}
}


