
@inproceedings{peker2012heh,
  title = {Hardware Emulation of {{HOG}} and {{AMDF}} Based Scale and Rotation Invariant Robust Shape Detection},
  isbn = {978-1-4673-4810-2 978-1-4673-4808-9 978-1-4673-4809-6},
  doi = {10.1109/ICEngTechnol.2012.6396145},
  timestamp = {2017-07-24T08:28:07Z},
  urldate = {2017-07-24},
  publisher = {{IEEE}},
  author = {Peker, Murat and Altun, Halis and Karakaya, Fuat},
  month = oct,
  year = {2012},
  pages = {1--5}
}

@inproceedings{takagi2013sdh,
  title = {A Sub-100-Milliwatt Dual-Core {{HOG}} Accelerator {{VLSI}} for Real-Time Multiple Object Detection},
  isbn = {978-1-4799-0356-6},
  doi = {10.1109/ICASSP.2013.6638112},
  timestamp = {2017-07-24T08:29:34Z},
  urldate = {2017-07-24},
  publisher = {{IEEE}},
  author = {Takagi, Kenta and Mizuno, Kosuke and Izumi, Shintaro and Kawaguchi, Hiroshi and Yoshimoto, Masahiko},
  month = may,
  year = {2013},
  pages = {2533--2537}
}

@inproceedings{benenson2012pd1,
  title = {Pedestrian Detection at 100 Frames per Second},
  isbn = {978-1-4673-1228-8 978-1-4673-1226-4 978-1-4673-1227-1},
  doi = {10.1109/CVPR.2012.6248017},
  timestamp = {2017-07-24T08:29:42Z},
  urldate = {2017-07-24},
  publisher = {{IEEE}},
  author = {Benenson, R. and Mathias, M. and Timofte, R. and Van Gool, L.},
  month = jun,
  year = {2012},
  pages = {2903--2910}
}

@inproceedings{negi2011dpo,
  title = {Deep Pipelined One-Chip {{FPGA}} Implementation of a Real-Time Image-Based Human Detection Algorithm},
  isbn = {978-1-4577-1740-6 978-1-4577-1741-3 978-1-4577-1739-0},
  doi = {10.1109/FPT.2011.6132679},
  timestamp = {2017-07-24T08:31:58Z},
  urldate = {2017-07-24},
  publisher = {{IEEE}},
  author = {Negi, Kazuhiro and Dohi, Keisuke and Shibata, Yuichiro and Oguri, Kiyoshi},
  month = dec,
  year = {2011},
  pages = {1--8}
}

@inproceedings{kelly2014hog,
  title = {Histogram of Oriented Gradients Front End Processing: {{An FPGA}} Based Processor Approach},
  isbn = {978-1-4799-6588-5},
  shorttitle = {Histogram of Oriented Gradients Front End Processing},
  doi = {10.1109/SiPS.2014.6986093},
  timestamp = {2017-07-24T08:32:06Z},
  urldate = {2017-07-24},
  publisher = {{IEEE}},
  author = {Kelly, Colm and Siddiqui, Fahad Manzoor and Bardak, Burak and Woods, Roger},
  month = oct,
  year = {2014},
  pages = {1--6}
}

@inproceedings{karakaya2009iha,
  title = {Implementation of {{HOG}} Algorithm for Real Time Object Recognition Applications on {{FPGA}} Based Embedded System},
  isbn = {978-1-4244-4435-9},
  doi = {10.1109/SIU.2009.5136444},
  timestamp = {2017-07-24T08:35:59Z},
  urldate = {2017-07-24},
  publisher = {{IEEE}},
  author = {Karakaya, Fuat and Altun, Halis and Cavuslu, Mehmet Ali},
  month = apr,
  year = {2009},
  pages = {508--511}
}

@article{oh2012lro,
  title = {Low-{{Power}}, {{Real}}-{{Time Object}}-{{Recognition Processors}} for {{Mobile Vision Systems}}},
  volume = {32},
  issn = {0272-1732},
  doi = {10.1109/MM.2012.90},
  timestamp = {2017-07-24T08:36:10Z},
  number = {6},
  urldate = {2017-07-24},
  journal = {IEEE Micro},
  author = {Oh, Jinwook and Kim, Gyeonghoon and Hong, Injoon and Park, Junyoung and Lee, Seungjin and Kim, Joo-Young and Woo, Jeong-Ho and Yoo, Hoi-Jun},
  month = nov,
  year = {2012},
  pages = {38--50}
}

@inproceedings{suleiman2014eho,
  title = {Energy-Efficient {{HOG}}-Based Object Detection at {{1080HD}} 60 Fps with Multi-Scale Support},
  isbn = {978-1-4799-6588-5},
  doi = {10.1109/SiPS.2014.6986096},
  timestamp = {2017-07-24T08:36:17Z},
  urldate = {2017-07-24},
  publisher = {{IEEE}},
  author = {Suleiman, Amr and Sze, Vivienne},
  month = oct,
  year = {2014},
  pages = {1--6}
}

@article{gu2013ffm,
  title = {Fast {{FPGA}}-{{Based Multiobject Feature Extraction}}},
  volume = {23},
  issn = {1051-8215, 1558-2205},
  doi = {10.1109/TCSVT.2012.2202195},
  timestamp = {2017-07-24T08:38:10Z},
  number = {1},
  urldate = {2017-07-24},
  journal = {IEEE Transactions on Circuits and Systems for Video Technology},
  author = {Gu, Qingyi and Takaki, Takeshi and Ishii, Idaku},
  month = jan,
  year = {2013},
  pages = {30--45}
}

@inproceedings{mizuno2012ash,
  address = {Canada},
  title = {Architectural {{Study}} of {{HOG Feature Extraction Processor}} for {{Real}}-{{Time Object Detection}}},
  timestamp = {2017-07-24T09:02:05Z},
  urldate = {2017-07-24},
  booktitle = {2012 {{IEEE Workshop}} on {{Signal Processing Systems}}},
  publisher = {{2012 IEEE Workshop on Signal Processing Systems}},
  author = {Mizuno, Kosuke and Terachi, Yosuke and Takagi, Kenta and Izumi, Shintaro and Kawaguchi, Hiroshi and Yoshimoto, Masahiko},
  month = oct,
  year = {2012}
}

@inproceedings{iandola2015leh,
  title = {{{libHOG}}: {{Energy}}-{{Efficient Histogram}} of {{Oriented Gradient Computation}}},
  isbn = {978-1-4673-6596-3},
  shorttitle = {{{libHOG}}},
  doi = {10.1109/ITSC.2015.205},
  timestamp = {2017-07-24T09:07:22Z},
  urldate = {2017-07-24},
  publisher = {{IEEE}},
  author = {Iandola, Forrest N. and Moskewicz, Matthew W. and Keutzer, Kurt},
  month = sep,
  year = {2015},
  pages = {1248--1254}
}

@inproceedings{dalal2005hog,
  title = {Histograms of {{Oriented Gradients}} for {{Human Detection}}},
  volume = {1},
  isbn = {978-0-7695-2372-9},
  doi = {10.1109/CVPR.2005.177},
  timestamp = {2017-07-24T09:11:01Z},
  urldate = {2017-07-24},
  publisher = {{IEEE}},
  author = {Dalal, N. and Triggs, B.},
  year = {2005},
  pages = {886--893}
}


